@inproceedings{cooperation_dev_ops_esem_2014,
  title={Cooperation between information system development and operations: a literature review},
  author={Erich, Floris and Amrit, Chintan Amrit and Daneva, Maia},
  booktitle={Proceedings of the 8th ACM/IEEE International Symposium on Empirical Software Engineering and Measurement, ESEM 2014},
  year={2014},
  organization={ACM}
}

@inproceedings{flickr,
  title={10+ deploys per day: Dev and ops cooperation at Flickr},
  author={Allspaw, John and Hammond, Paul},
  booktitle={Velocity: Web Performance and Operations Conference},
  year={2009}
}

@inproceedings{devops_a_definition_xp_15,
  title={DevOps: a definition and perceived adoption impediments},
  author={Smeds, Jens and Nybom, Kristian and Porres, Ivan},
  booktitle={International Conference on Agile Software Development},
  pages={166--177},
  year={2015},
  organization={Springer}
}

@inproceedings{dimensions_of_devops_xp_15,
  title={Dimensions of devops},
  author={Lwakatare, Lucy Ellen and Kuvaja, Pasi and Oivo, Markku},
  booktitle={International Conference on Agile Software Development},
  pages={212--217},
  year={2015},
  organization={Springer}
}

@article{extending_dimensions_icsea_16,
  title={An Exploratory Study of DevOps Extending the Dimensions of DevOps with Practices},
  author={Lwakatare, Lucy Ellen and Kuvaja, Pasi and Oivo, Markku},
  journal={ICSEA 2016},
  pages={104},
  year={2016}
}

@inproceedings{characterizing_devops_sbes_2016,
  title={Characterizing devops by hearing multiple voices},
  author={de Fran{\c{c}}a, Breno B Nicolau and Jeronimo Junior, Helvio and Travassos, Guilherme Horta},
  booktitle={Proceedings of the 30th Brazilian Symposium on Software Engineering},
  pages={53--62},
  year={2016},
  organization={ACM}
}

@article{qualitative_devops_journalsw_17,
  title={A qualitative study of DevOps usage in practice},
  author={Erich, FMA and Amrit, C and Daneva, Maya},
  journal={Journal of Software: Evolution and Process},
  volume={29},
  number={6},
  year={2017},
  publisher={Wiley Online Library}
}

@article{what_devops_means_2010,
  title={What devops means to me},
  author={Willis, John},
  note={Retrieved from \url{https://blog.chef.io/2010/07/16/what-devops-means-to-me/}},
  journal={Chef.io},
  year={2010}
}
